@book{lamport1994latex,
  title={\LaTeX{}: a Document Preparation System: User's Guide and Reference Manual},
  author={Lamport, Leslie},
  year={1994},
  publisher={Addison-Wesley}
}

@book{knuth1984texbook,
  title={The \TeX{}book},
  author={Knuth, Donald Ervin and Bibby, Duane},
  volume={15},
  year={1984},
  publisher={Addison-Wesley}
}